<record><leader>00000cas a22000007a 4500</leader><controlfield tag="001">18798751</controlfield><controlfield tag="008">881123d19311935nyuwr ne      0    0eng d</controlfield><datafield ind1=" " ind2=" " tag="010"><subfield code="a">sn 88074878 </subfield></datafield><datafield ind1=" " ind2=" " tag="040"><subfield code="a">NYS</subfield><subfield code="b">eng</subfield><subfield code="c">NYS</subfield><subfield code="d">OCLCQ</subfield></datafield><datafield ind1=" " ind2=" " tag="042"><subfield code="a">msc</subfield></datafield><datafield ind1="0" ind2="4" tag="245"><subfield code="a">The Schoharie independent.</subfield></datafield><datafield ind1=" " ind2=" " tag="260"><subfield code="a">Schoharie, N.Y. :</subfield><subfield code="b">G.S. Van Wormer</subfield></datafield><datafield ind1=" " ind2=" " tag="300"><subfield code="a">v.</subfield></datafield><datafield ind1=" " ind2=" " tag="310"><subfield code="a">Weekly</subfield></datafield><datafield ind1="1" ind2=" " tag="362"><subfield code="a">Began in 1931?</subfield></datafield><datafield ind1="0" ind2=" " tag="362"><subfield code="a">-v. 5, no. 4 (Apr. 4, 1935).</subfield></datafield><datafield ind1=" " ind2=" " tag="588"><subfield code="a">Description based on: Vol. 1, no. 5 (Apr. 16, 1931).</subfield></datafield><datafield ind1=" " ind2="4" tag="651"><subfield code="a">Schoharie (N.Y.)</subfield><subfield code="v">Newspapers.</subfield></datafield><datafield ind1=" " ind2=" " tag="752"><subfield code="a">United States</subfield><subfield code="b">New York</subfield><subfield code="c">Schoharie</subfield><subfield code="d">Schoharie.</subfield></datafield><datafield ind1="0" ind2="4" tag="785"><subfield code="t">Middleburgh news</subfield><subfield code="w">(DLC)sn 88074204</subfield></datafield><datafield ind1="1" ind2=" " tag="029"><subfield code="a">AU@</subfield><subfield code="b">000020538562</subfield></datafield></record>